<?xml version="1.0" encoding="UTF-8"?><collection xmlns="http://www.loc.gov/MARC21/slim"><record><leader>00482nam--2200169-i-4500</leader><controlfield tag="001">000029040</controlfield><controlfield tag="002">20161230</controlfield><controlfield tag="005">20161230201037</controlfield><controlfield tag="008">060222s1000------------r-----000-0-eng-d</controlfield><datafield ind1=" " ind2=" " tag="080"><subfield code="a">517</subfield></datafield><datafield ind1="1" ind2=" " tag="100"><subfield code="a">Levi, Howard</subfield></datafield><datafield ind1="1" ind2="0" tag="245"><subfield code="a">Polynomials, power series and calculus</subfield></datafield><datafield ind1=" " ind2=" " tag="260"><subfield code="a">Princeton, New Jersey, D.Van Nostrand Co.Inc., 1968,</subfield></datafield><datafield ind1=" " ind2=" " tag="300"><subfield code="a">VIII + 158P</subfield></datafield><datafield ind1=" " ind2=" " tag="490"><subfield code="a">The University Series In Undergraduate Mathematics</subfield></datafield><datafield ind1=" " ind2=" " tag="852"><subfield code="a">28685</subfield><subfield code="c">517</subfield></datafield><datafield ind1=" " ind2=" " tag="CAT"><subfield code="a">Sys</subfield><subfield code="c">20080618</subfield><subfield code="h">102425</subfield></datafield></record></collection>